@inproceedings{ref1,
  title={In-datacenter performance analysis of a tensor processing unit},
  author={Jouppi, Norman P and others},
  booktitle={Proceedings of the 44th ISCA},
  pages={1--12},
  year={2017}
}

@article{ref2,
  title={Compute solution for tesla’s full self-driving computer},
  author={Talpes, E and others},
  journal={IEEE Micro},
  volume={40},
  number={2},
  pages={25--35},
  year={2020},
  publisher={IEEE}
}

@inproceedings{ref3,
  title={Ten lessons from three generations shaped google’s TPUv4i: Industrial product},
  author={Jouppi, Norman P and others},
  booktitle={Proceedings of the 48th ISCA},
  pages={1--14},
  year={2021}
}

@article{ref4,
  title={Npu thermal management},
  author={Amrouch, H and others},
  journal={IEEE Transactions on Computer-Aided Design of Integrated Circuits and Systems (CAD)},
  volume={39},
  number={11},
  pages={3842--3855},
  year={2020},
  publisher={IEEE}
}

@article{ref5,
  title={Prospects of thin film thermoelectric devices for hot-spot cooling and on-chip energy harvesting},
  author={Choday, Sandeep H and Lundstrom, Mark S and Roy, Kaushik},
  journal={IEEE Transactions on Components, Packaging and Manufacturing Technology (CPMT)},
  volume={3},
  number={12},
  pages={2059--2067},
  year={2013},
  publisher={IEEE}
}

@article{ref6,
  title={On-chip cooling by superlattice-based thin-film thermoelectrics},
  author={Chowdhury, Iftekhar and others},
  journal={Nature Nanotechnology},
  volume={4},
  number={4},
  pages={235--238},
  year={2009},
  publisher={Nature Publishing Group}
}

@article{ref7,
  title={Impact of ncfet technology on eliminating the cooling cost and boosting the efficiency of google tpu},
  author={Salamin, Sami and others},
  journal={IEEE Transactions on Computers},
  year={2021},
  publisher={IEEE}
}

@inproceedings{ref8,
  title={Ares: A framework for quantifying the resilience of deep neural networks},
  author={Reagen, Brandon and others},
  booktitle={Design, Automation & Test in Europe Conference & Exhibition (DATE)},
  pages={1--6},
  year={2018},
  organization={IEEE}
}

@inproceedings{ref9,
  title={Matic: Learning around errors for efficient low-voltage neural network accelerators},
  author={Kim, Seokhyeong and others},
  booktitle={Design, Automation & Test in Europe Conference & Exhibition (DATE)},
  pages={1--6},
  year={2018},
  organization={IEEE}
}

@article{ref10,
  title={Bit error robustness for energy-efficient dnn accelerators},
  author={Stutz, David and others},
  journal={Proceedings of Machine Learning and Systems},
  volume={3},
  pages={569--598},
  year={2021}
}

@inproceedings{ref11,
  title={Eden: Enabling energy-efficient, high-performance deep neural network inference using approximate dram},
  author={Koppula, Subhash and others},
  booktitle={Proceedings of the 52nd International Symposium on Microarchitecture},
  pages={166--181},
  year={2019}
}

@article{ref12,
  title={Modeling of nbti using bat framework: Dc-ac stress-recovery kinetics, material, and process dependence},
  author={Mahapatra, S and Parihar, N},
  journal={IEEE Transactions on Device and Materials Reliability},
  volume={20},
  number={1},
  pages={4--23},
  year={2020},
  publisher={IEEE}
}

@article{ref13,
  title={Quantizing deep convolutional networks for efficient inference: A whitepaper},
  author={Krishnamoorthi, Raghuraman},
  journal={arXiv preprint arXiv:1806.08342},
  year={2018}
}

@article{ref14,
  title={Very deep convolutional networks for large-scale image recognition},
  author={Simonyan, Karen and Zisserman, Andrew},
  journal={arXiv preprint arXiv:1409.1556},
  year={2014}
}

@inproceedings{ref15,
  title={Mobilenetv2: Inverted residuals and linear bottlenecks},
  author={Sandler, Mark and others},
  booktitle={Proceedings of the IEEE Conference on Computer Vision and Pattern Recognition (CVPR)},
  year={2018}
}

@inproceedings{ref16,
  title={Deep residual learning for image recognition},
  author={He, Kaiming and others},
  booktitle={Proceedings of the IEEE Conference on Computer Vision and Pattern Recognition (CVPR)},
  year={2016}
}

@article{ref17,
  title={Fn-cacti: Advanced cacti for finfet and nc-finfet technologies},
  author={Ravipati, Dheeraj P and others},
  journal={IEEE Transactions on Very Large Scale Integration (VLSI) Systems},
  volume={30},
  number={3},
  pages={339--352},
  year={2022},
  publisher={IEEE}
}
